<?xml version="1.0" encoding="UTF-8"?><collection xmlns="http://www.loc.gov/MARC21/slim"><record><leader>00435nam--2200145-i-4500</leader><controlfield tag="001">000003325</controlfield><controlfield tag="002">20161230</controlfield><controlfield tag="005">20161230201025</controlfield><controlfield tag="008">060222s1000------------r-----000-0-eng-d</controlfield><datafield ind1=" " ind2=" " tag="080"><subfield code="a">517.55(021)=2</subfield></datafield><datafield ind1=" " ind2=" " tag="100"><subfield code="a">Churchill, Ruel V</subfield></datafield><datafield ind1=" " ind2=" " tag="245"><subfield code="a">Introduction to complex variables and applicat ions.first edition</subfield></datafield><datafield ind1=" " ind2=" " tag="260"><subfield code="a">New York, Toronto, London, Mcgraw-hill Book Co Mp., 1948</subfield></datafield><datafield ind1=" " ind2=" " tag="852"><subfield code="a">1644</subfield><subfield code="c">517.55</subfield></datafield><datafield ind1=" " ind2=" " tag="CAT"><subfield code="a">Sys</subfield><subfield code="c">20080814</subfield><subfield code="h">095510</subfield></datafield></record></collection>